% Encoding: UTF-8

@Book{Inden2015,
  title         = {Der Weg zum Java-Profi},
  publisher     = {dpunkt.verlag},
  year          = {2015},
  author        = {Michael Inden},
  address       = {Heidelberg},
  edition       = {3., aktualisierte und überarbeitete Auflage},
  isbn          = {9783864902031},
  note          = {Literaturverzeichnis: Seiten 1365-1368},
  __markedentry = {[Christian:6]},
  pagetotal     = {xxv, 1391 Seiten},
  ppn_gvk       = {799597104},
  subtitle      = {Konzepte und Techniken für die professionelle Java-Entwicklung},
}

@Comment{jabref-meta: databaseType:bibtex;}
